@book{ESL,
	title = {The Elements of Statistical Learning: Data Mining, Inference,
	         and Prediction},
	author = {Hastie, T. and Tibshirani, R. and Friedman, J.},
	isbn = {9780387216065},
	lccn = {2001031433},
	series = {Springer Series in Statistics},
	url = {https://books.google.com/books?id=yPfZBwAAQBAJ},
	year = {2013},
	publisher = {Springer New York},
}

@book{ISL,
	title = {An Introduction to Statistical Learning: with Applications in R
	         },
	author = {James, G. and Witten, D. and Hastie, T. and Tibshirani, R.},
	isbn = {9781461471387},
	lccn = {13936251},
	series = {Springer Texts in Statistics},
	url = {https://books.google.com/books?id=qcI_AAAAQBAJ},
	year = {2013},
	publisher = {Springer New York},
}

 @book{PML,
	author = "Kevin P. Murphy",
	title = "Probabilistic Machine Learning: An introduction",
	publisher = "MIT Press",
	year = 2022,
	url = "probml.ai",
}

@inproceedings{TimeSHAP,
	series = {KDD ’21},
	title = {TimeSHAP: Explaining Recurrent Models through Sequence
	         Perturbations},
	url = {http://dx.doi.org/10.1145/3447548.3467166},
	DOI = {10.1145/3447548.3467166},
	booktitle = {Proceedings of the 27th ACM SIGKDD Conference on Knowledge
	             Discovery \& Data Mining},
	publisher = {ACM},
	author = {Bento, João and Saleiro, Pedro and Cruz, André F. and
	          Figueiredo, Mário A.T. and Bizarro, Pedro},
	year = {2021},
	month = aug,
	collection = {KDD ’21},
}

@misc{attention-is-all-you-need,
	title = {Attention Is All You Need},
	author = {Ashish Vaswani and Noam Shazeer and Niki Parmar and Jakob
	          Uszkoreit and Llion Jones and Aidan N. Gomez and Lukasz Kaiser
	          and Illia Polosukhin},
	year = {2023},
	eprint = {1706.03762},
	archivePrefix = {arXiv},
	primaryClass = {cs.CL},
}

@misc{stat-comps-github,
	author = {Alistair Pattison},
	title = {Sports as Sequences},
	year = {2024},
	publisher = {GitHub},
	url = {https://github.com/alipatti/stat-comps},
}

@misc{kaggle-pbp-data,
	author = {schmadam97},
	title = {NBA Play-by-Play Data 2015-2021},
	year = {2021},
	month = {Jan},
	publisher = {Kaggle},
	url = {
	       https://www.kaggle.com/datasets/schmadam97/nba-playbyplay-data-20182019
	       },
}

@misc{pbp-scraper-github,
	author = {schadam26},
	title = {BR_Scrape},
	year = {2021},
	publisher = {GitHub},
	url = {https://github.com/schadam26/BR_Scrape/},
}

@misc{statsbomb-open-data,
	author = {StatsBomb},
	title = {StatsBomb Open Data},
	year = {2024},
	publisher = {GitHub},
	url = {https://github.com/statsbomb/open-data/},
}

